<collection xmlns="http://www.loc.gov/MARC21/slim">
<record>
  <leader>01476nam0a2200277 i 450 </leader>
  <controlfield tag="001">IT\ICCU\CNCE\003942</controlfield>
  <controlfield tag="005">20170714000000.0</controlfield>
  <datafield tag="012" ind1=" " ind2=" ">
    <subfield code="a">isla isno s:um s.to (C) 1530 (Q)</subfield>
    <subfield code="2">fei</subfield>
  </datafield>
  <datafield tag="100" ind1=" " ind2=" ">
    <subfield code="a">19970101f1530        0itac0103    ba</subfield>
  </datafield>
  <datafield tag="101" ind1=" " ind2=" ">
    <subfield code="a">LAT</subfield>
  </datafield>
  <datafield tag="102" ind1=" " ind2=" ">
    <subfield code="a">IT</subfield>
  </datafield>
  <datafield tag="200" ind1="1" ind2=" ">
    <subfield code="a">Pulcher visus. Locus illustriss. ducis Ferrariae per Scipionem Balbum Finalensem</subfield>
  </datafield>
  <datafield tag="210" ind1=" " ind2=" ">
    <subfield code="a">\Bologna</subfield>
    <subfield code="c">Giovanni Battista Faelli</subfield>
    <subfield code="d">circa 1530!</subfield>
  </datafield>
  <datafield tag="215" ind1=" " ind2=" ">
    <subfield code="a">\6! c.</subfield>
    <subfield code="d">4ʻ</subfield>
  </datafield>
  <datafield tag="300" ind1=" " ind2=" ">
    <subfield code="a">Per la data cfr.: hort-title catalogue of books printed in Italy and of Italian books printed in other countries from 1465 to 1600 now in the British Library. Supplement, p. 17</subfield>
  </datafield>
  <datafield tag="620" ind1=" " ind2=" ">
    <subfield code="a">IT</subfield>
    <subfield code="d">Bologna</subfield>
  </datafield>
  <datafield tag="700" ind1=" " ind2="1">
    <subfield code="a">Balbi,</subfield>
    <subfield code="b">Scipione</subfield>
    <subfield code="3">IT\ICCU\CNCA\001311</subfield>
  </datafield>
  <datafield tag="712" ind1="0" ind2="0">
    <subfield code="a">Faelli, Giovanni Battista</subfield>
    <subfield code="3">IT\ICCU\CNCT\000400</subfield>
    <subfield code="4">650</subfield>
  </datafield>
  <datafield tag="791" ind1="0" ind2="0">
    <subfield code="a">Phaellus, Ioannes Baptista</subfield>
    <subfield code="3">IT\ICCU\CNCT\003790</subfield>
    <subfield code="z">Faelli, Giovanni Battista</subfield>
  </datafield>
  <datafield tag="791" ind1="0" ind2="0">
    <subfield code="a">Phaelli, Giovanni Battista de</subfield>
    <subfield code="3">IT\ICCU\CNCT\005175</subfield>
    <subfield code="z">Faelli, Giovanni Battista</subfield>
  </datafield>
  <datafield tag="791" ind1="0" ind2="0">
    <subfield code="a">Phaellis, Ioannes Baptista de</subfield>
    <subfield code="3">IT\ICCU\CNCT\005176</subfield>
    <subfield code="z">Faelli, Giovanni Battista</subfield>
  </datafield>
  <datafield tag="801" ind1=" " ind2="3">
    <subfield code="a">IT</subfield>
    <subfield code="b">ICCU</subfield>
    <subfield code="c">20201113</subfield>
  </datafield>
  <datafield tag="899" ind1=" " ind2=" ">
    <subfield code="a">Biblioteca comunale Augusta. Perugia</subfield>
    <subfield code="z">MUTILO</subfield>
    <subfield code="1">PG0109</subfield>
    <subfield code="2">UM1 01</subfield>
  </datafield>
  <datafield tag="899" ind1=" " ind2=" ">
    <subfield code="a">British Library. London</subfield>
    <subfield code="1">UK0001</subfield>
  </datafield>
  <datafield tag="911" ind1=" " ind2=" ">
    <subfield code="a">Sul front.</subfield>
    <subfield code="9">IT\ICCU\CNCM\001426</subfield>
  </datafield>
  <datafield tag="921" ind1=" " ind2=" ">
    <subfield code="a">IT\ICCU\CNCM\001426</subfield>
    <subfield code="b">Cerchio con croce doppia e iniziale B. All&apos;interno di un altro cerchio inserito nella parte superiore di una cornice architettonica</subfield>
    <subfield code="c">U367</subfield>
    <subfield code="d">Dimensioni: 2 x 2</subfield>
    <subfield code="f">CERCHIO</subfield>
    <subfield code="f">B</subfield>
    <subfield code="g">1524-[circa 1530]</subfield>
  </datafield>
</record>
</collection>
